<record><leader>00000cas a22000007a 4500</leader><controlfield tag="001">28305425</controlfield><controlfield tag="008">930621d1uuu1988wyumr ne      0    0eng d</controlfield><datafield ind1=" " ind2=" " tag="010"><subfield code="a">sn 93070060 </subfield></datafield><datafield ind1=" " ind2=" " tag="040"><subfield code="a">NVO</subfield><subfield code="b">eng</subfield><subfield code="c">NVO</subfield><subfield code="d">OCLCQ</subfield></datafield><datafield ind1=" " ind2=" " tag="042"><subfield code="a">msc</subfield></datafield><datafield ind1="0" ind2="4" tag="245"><subfield code="a">The Wyoming liberty bell.</subfield></datafield><datafield ind1=" " ind2=" " tag="260"><subfield code="a">Casper, Wyo. :</subfield><subfield code="b">Wyo. Free Market Communications</subfield></datafield><datafield ind1=" " ind2=" " tag="300"><subfield code="a">v.</subfield></datafield><datafield ind1=" " ind2=" " tag="310"><subfield code="a">Monthly</subfield></datafield><datafield ind1="0" ind2=" " tag="362"><subfield code="a">-Dec. 1988.</subfield></datafield><datafield ind1=" " ind2=" " tag="588"><subfield code="a">Description based on: Aug. 1988.</subfield></datafield><datafield ind1=" " ind2="4" tag="651"><subfield code="a">Casper (Wyo.)</subfield><subfield code="v">Newspapers.</subfield></datafield><datafield ind1=" " ind2="4" tag="651"><subfield code="a">Natrona County (Wyo.)</subfield><subfield code="v">Newspapers.</subfield></datafield><datafield ind1=" " ind2=" " tag="752"><subfield code="a">United States</subfield><subfield code="b">Wyoming</subfield><subfield code="c">Natrona</subfield><subfield code="d">Casper.</subfield></datafield><datafield ind1="0" ind2="0" tag="785"><subfield code="t">Wyoming journal (Casper, Wyo.)</subfield><subfield code="w">(DLC)sn 93070061</subfield></datafield><datafield ind1="1" ind2=" " tag="029"><subfield code="a">AU@</subfield><subfield code="b">000025898071</subfield></datafield></record>